% Achtung! nur Bücher/Artikel, welche irgendwo im Text mit \cite{bookname} Zitiert worden sind, erscheienen auch tatsächlich im Literaturverzeichnis

@book{matthews2011,
	title = {Beginning Android Tablet Programming (Beginning Apress)},
	author = {Robbie Matthews},
	publisher = {Apress},
	year={2011},
	edition={1},
	isbn={9781430237839},
	price={$39.99},
	totalpages={292},
	timestamp={2012.05.22}
}

@article{martinfowler2004,
	title = {Inversion of Control Containers and the Dependency Injection pattern},
	author = {Martin Fowhler},
	year = {2004},
	howpublished = {\url{http://www.martinfowler.com/articles/injection.html}},
 	note = {letzter Zugriff am 16.05.2013}
}

@article{thomas2010,
	title = {},
	author = {Mark Thomas},
	year = {2010},
	howpublished = {\url{http://www.tomcatexpert.com/blog/2010/03/24/myth-or-truth-one-should-always-use-apache-httpd-front-apache-tomcat-improve-perform}},
	note = {letzter Zugriff am 05.06.2013}
}

@misc{cnlabsaba,
	author = {Dr. Prof. Peter Heinzmann, cnlab AG},
	title = {Administratives zu Studien- und Bachelorarbeiten},
	year = {2013},
	howpublished = {\url{http://www.cnlab.ch/kurse/SABA/}},
	note = {letzter Zugriff am 16.05.2013}
}

@misc{springsourcemvc2011,
	author = {Colin Sampaleanu},
	title = {Green Beans: Getting Started with Spring MVC},
	year = {2011},
	howpublished = {\url{http://blog.springsource.com/2011/01/04/green-beans-getting-started-with-spring-mvc/}},
	note = {letzter Zugriff am 16.05.2013}
}